<record><leader>00000cas a22000007a 4500</leader><controlfield tag="001">18978226</controlfield><controlfield tag="008">890106d18751875pauwr ne      0    0eng d</controlfield><datafield ind1=" " ind2=" " tag="010"><subfield code="a">sn 89077002 </subfield></datafield><datafield ind1=" " ind2=" " tag="040"><subfield code="a">NPH</subfield><subfield code="b">eng</subfield><subfield code="c">NPH</subfield><subfield code="d">OCLCQ</subfield></datafield><datafield ind1=" " ind2=" " tag="042"><subfield code="a">msc</subfield></datafield><datafield ind1="0" ind2=" " tag="130"><subfield code="a">Saturday evening gazette (Erie, Pa.)</subfield></datafield><datafield ind1="1" ind2="0" tag="245"><subfield code="a">Saturday evening gazette.</subfield></datafield><datafield ind1="1" ind2="3" tag="246"><subfield code="a">Erie gazette</subfield></datafield><datafield ind1=" " ind2=" " tag="260"><subfield code="a">Erie, Pa. :</subfield><subfield code="b">[s.n.],</subfield><subfield code="c">1875.</subfield></datafield><datafield ind1=" " ind2=" " tag="300"><subfield code="a">v. ;</subfield><subfield code="c">64 cm.</subfield></datafield><datafield ind1=" " ind2=" " tag="310"><subfield code="a">Weekly</subfield></datafield><datafield ind1="0" ind2=" " tag="362"><subfield code="a">Mar. 20, 1875-June 19, 1875.</subfield></datafield><datafield ind1=" " ind2=" " tag="752"><subfield code="a">United States</subfield><subfield code="b">Pennsylvania</subfield><subfield code="c">Erie</subfield><subfield code="d">Erie.</subfield></datafield><datafield ind1="0" ind2=" " tag="775"><subfield code="t">Erie gazette (Erie, Pa. : 1871)</subfield><subfield code="w">(DLC)sn 83032030</subfield></datafield><datafield ind1="0" ind2="0" tag="785"><subfield code="t">Erie Sunday morning gazette</subfield><subfield code="w">(DLC)sn 86063552</subfield></datafield></record>